%% This BibTeX bibliography file was created using BibDesk.
%% http://bibdesk.sourceforge.net/


%% Created for James Geddes at 2012-03-30 18:05:57 +0100 


%% Saved with string encoding Unicode (UTF-8) 



@article{sioshansi2009estimating,
	Author = {Sioshansi, R. and Denholm, P. and Jenkin, T. and Weiss, J.},
	Journal = {Energy Economics},
	Number = {2},
	Pages = {269--277},
	Publisher = {Elsevier},
	Title = {Estimating the value of electricity storage in PJM: Arbitrage and some welfare effects},
	Volume = {31},
	Year = {2009},
	Bdsk-File-1 = {YnBsaXN0MDDUAQIDBAUIJidUJHRvcFgkb2JqZWN0c1gkdmVyc2lvblkkYXJjaGl2ZXLRBgdUcm9vdIABqAkKFRYXGyIjVSRudWxs0wsMDQ4RFFpOUy5vYmplY3RzV05TLmtleXNWJGNsYXNzog8QgASABqISE4ACgAOAB1lhbGlhc0RhdGFccmVsYXRpdmVQYXRo0hgNGRpXTlMuZGF0YU8RAdYAAAAAAdYAAgAADE1hY2ludG9zaCBIRAAAAAAAAAAAAAAAAAAAAMhsf+BIKwAAAC6o3BFQSk1fYXJiaXRyYWdlLnBkZgAAAAAAAAAAAAAAAAAAAAAAAAAAAAAAAAAAAAAAAAAAAAAAAAAAAAAAAAAAAAAALqj2y5tIrwAAAAAAAAAAAAEAAgAACSAAAAAAAAAAAAAAAAAAAAAMUHVibGljYXRpb25zABAACAAAyGxx0AAAABEACAAAy5s6nwAAAAEAGAAuqNwAJcUHACT4eQAjr5wAHUvPAACTBgACAFhNYWNpbnRvc2ggSEQ6VXNlcnM6AGphbWVzZ2VkZGVzOgBEcm9wYm94OgBQcm9qZWN0czoARVNQOgBQdWJsaWNhdGlvbnM6AFBKTV9hcmJpdHJhZ2UucGRmAA4AJAARAFAASgBNAF8AYQByAGIAaQB0AHIAYQBnAGUALgBwAGQAZgAPABoADABNAGEAYwBpAG4AdABvAHMAaAAgAEgARAASAEVVc2Vycy9qYW1lc2dlZGRlcy9Ecm9wYm94L1Byb2plY3RzL0VTUC9QdWJsaWNhdGlvbnMvUEpNX2FyYml0cmFnZS5wZGYAABMAAS8AABUAAgAS//8AAIAF0hwdHh9YJGNsYXNzZXNaJGNsYXNzbmFtZaMfICFdTlNNdXRhYmxlRGF0YVZOU0RhdGFYTlNPYmplY3RfEBFQSk1fYXJiaXRyYWdlLnBkZtIcHSQloiUhXE5TRGljdGlvbmFyeRIAAYagXxAPTlNLZXllZEFyY2hpdmVyAAgAEQAWAB8AKAAyADUAOgA8AEUASwBSAF0AZQBsAG8AcQBzAHYAeAB6AHwAhgCTAJgAoAJ6AnwCgQKKApUCmQKnAq4CtwLLAtAC0wLgAuUAAAAAAAACAQAAAAAAAAAoAAAAAAAAAAAAAAAAAAAC9w==}}
